<Doc xmlns:gs2="http://www.greenstone.org/gs2" file="HASH7c57\5f57a57c\fb45ab00\33s8.dir\doc.xml"  gs2:docOID="HASH7c575f57a57cfb45ab0033s8" gs2:mode="add">

<Sec  gs2:docOID="HASH7c575f57a57cfb45ab0033s8" gs2:mode="add">
&lt;pre&gt;
 LDR 01045cam  2200265 i 4500
001     4668242
005     19981112075952.5
008     801112r19801969nyua          000 0 eng  
035    _9 (DLC)   80136962
906    _a 7
       _b cbc
       _c orignew
       _d 2
       _e ncip
       _f 19
       _g y-gencatlg
010    _a    80136962 
020    _a 0440505038 (pbk. : v. 1) :
       _c $9.95
020    _a 0440505046 (pbk. : v. 2) :
       _c $9.95
040    _a DLC
       _c DLC
       _d DLC
050 10 _a ML54.6.B4
       _b I4 1980
082 00 _a 784.5/405
       _2 19
245 04 _a The Beatles illustrated lyrics /
       _c Julian Allen ... [et al.] ; edited by Alan
 Aldridge.
260    _a New York, N.Y. :
       _b Dell Pub. Co.,
       _c [1980]
300    _a 2 v. :
       _b ill. (some col.) ;
       _c 28 cm.
500    _a &quot;A Delta/Seymour Lawrence book.&quot;
500    _a Reprint of the 1969 ed. published by Delacorte Press, New
 York.
500    _a Published in 1974 under title: The Beatles lyrics
 complete; published in 1975 under titles: The Beatles lyrics;
 The Beatles lyrics illustrated.
650  0 _a Rock music
       _y 1961-1970
       _x Texts.
700 1  _a Aldridge, Alan.
710 2  _a Beatles.
&lt;/pre&gt;
 
</Sec>


</Doc>
